% This file was created with JabRef 2.6.
% Encoding: Cp1252

@ARTICLE{a5,
  author = {D. G{\"u}llmar, J. Haueisen, J. R. Reinchbach},
  title = {Influence of anisotropic electrical conductivity in white matter
	tissue on the EEG/2 MEG forward and inverse solution. A high{}-resolution
	whole head simulation study},
  journal = {NeuroImage},
  year = {2010},
  pages = {7}
}

@ARTICLE{a1,
  author = {Haueisen, J. and Schreiber, J. and Brauer, H. and Knosche, T.R.},
  title = {Dependence of the inverse solution accuracy in magnetocardiography
	on the boundary{}-element discretization},
  year = {2002},
  volume = {38},
  pages = {1045{}-1048},
  number = {2},
  month = {Mar},
  address = {10.1109/20.996268},
  editor = {Magnetics, IEEE Transactions on},
  url = {http://ieeexplore.ieee.org/stamp/stamp.jsp?tp={\&}arnumber=996268{\&}isnumber=21500}
}

@PHDTHESIS{a3,
  author = {J. G. Stinstra},
  title = {The Reliability of the fetal Magnetocardiogram},
  year = {2001},
  editor = {University of Twente},
  isbn = {90{}-365{}-1658{}-7},
  pages = {67},
  publisher = {Twente University Press}
}

@ARTICLE{a2,
  title = {Der Einfluss der Randelementediskretisierung auf die Vorw{\"a}rtsrechnung
	und das inverse Problem in Elektroencephalographie und Magnetoencephalographie},
  year = {1997},
  volume = {42},
  pages = {240 {}- 248}
}

